@online{TAG,
    author = {AUTHOR},
    title = {REF TITLE},
    year = 2015,
    url = {http://www.url.com/},
    urldate = {\today},
    organization = {ORG},
}

@online{OVDL,
    author = {OpenVAS},
    title = {Install OpenVAS from Source Code},
    year = 2015,
    url = {http://www.openvas.org/install-source.html},
    urldate = {14/11/2015},
    organization = {OpenVAS},
}

@online{SMB,
    author = {Wikipedia},
    title = {Server Message Block},
    year = 2015,
    url = {https://en.wikipedia.org/wiki/Server_Message_Block},
    urldate = {14/11/2015},
    organization = {Wikipedia},
}

@online{SSH,
    author = {Wikipedia},
    title = {Secure Shell},
    year = 2015,
    url = {https://en.wikipedia.org/wiki/Secure_Shell},
    urldate = {14/11/2015},
    organization = {Wikipedia},
}